<?xml version="1.0" encoding="UTF-8"?><collection xmlns="http://www.loc.gov/MARC21/slim"><record><leader>00411nam--2200133-i-4500</leader><controlfield tag="001">000027768</controlfield><controlfield tag="002">20161230</controlfield><controlfield tag="005">20161230201037</controlfield><controlfield tag="008">060222s1000------------r-----000-0-eng-d</controlfield><datafield ind1=" " ind2=" " tag="100"><subfield code="a">Kisslinger, L.S., Sorensen, R.A</subfield></datafield><datafield ind1=" " ind2=" " tag="245"><subfield code="a">Pairing plus long range force for single closed shell nuclei</subfield></datafield><datafield ind1=" " ind2=" " tag="260"><subfield code="a">Kobenhavn, Ejnar Munksgaard, 1960. 82p</subfield></datafield><datafield ind1=" " ind2=" " tag="490"><subfield code="a">Det Kongelige Danske Videnskabernes Selskab</subfield></datafield><datafield ind1=" " ind2=" " tag="852"><subfield code="a">17897</subfield></datafield></record></collection>